<record><leader>00000cas a22000007a 4500</leader><controlfield tag="001">11799255</controlfield><controlfield tag="008">850313c19859999nduwn ne      0   a0eng d</controlfield><datafield ind1=" " ind2=" " tag="010"><subfield code="a">sn 85000867 </subfield></datafield><datafield ind1=" " ind2=" " tag="040"><subfield code="a">NSD</subfield><subfield code="b">eng</subfield><subfield code="c">NSD</subfield><subfield code="d">NOP</subfield><subfield code="d">OCLCQ</subfield></datafield><datafield ind1=" " ind2=" " tag="012"><subfield code="k">1</subfield><subfield code="l">1</subfield><subfield code="m">1</subfield></datafield><datafield ind1="1" ind2=" " tag="022"><subfield code="a">8750-8125</subfield><subfield code="l">8750-8125</subfield><subfield code="2">1</subfield></datafield><datafield ind1=" " ind2=" " tag="032"><subfield code="a">090350</subfield><subfield code="b">USPS</subfield></datafield><datafield ind1=" " ind2=" " tag="037"><subfield code="b">Tri-County News, 311 Main St., Gackle, Logan County, ND 58442</subfield></datafield><datafield ind1=" " ind2=" " tag="042"><subfield code="a">nsdp</subfield></datafield><datafield ind1="0" ind2=" " tag="130"><subfield code="a">Tri-county news (Gackle, N.D.)</subfield></datafield><datafield ind1=" " ind2="0" tag="222"><subfield code="a">Tri-county news</subfield><subfield code="b">(Gackle, N.D.)</subfield></datafield><datafield ind1="1" ind2="0" tag="245"><subfield code="a">Tri-county news.</subfield></datafield><datafield ind1=" " ind2=" " tag="260"><subfield code="a">Gackle, N.D. :</subfield><subfield code="b">Kenton and Ana Buchholz,</subfield><subfield code="c">1985-</subfield></datafield><datafield ind1=" " ind2=" " tag="300"><subfield code="a">v. :</subfield><subfield code="b">ill. ;</subfield><subfield code="c">56 cm.</subfield></datafield><datafield ind1=" " ind2=" " tag="310"><subfield code="a">Weekly (except summer vacation issue)</subfield></datafield><datafield ind1="0" ind2=" " tag="362"><subfield code="a">Vol. 1, no. 1 (Apr. 17, 1985)-</subfield></datafield><datafield ind1=" " ind2=" " tag="530"><subfield code="a">Available on microfilm from the State Historical Society of North Dakota.</subfield></datafield><datafield ind1=" " ind2=" " tag="752"><subfield code="a">United States</subfield><subfield code="b">North Dakota</subfield><subfield code="c">Logan</subfield><subfield code="d">Gackle.</subfield></datafield><datafield ind1="0" ind2="0" tag="780"><subfield code="t">Pioneer press (Gackle, N.D.)</subfield><subfield code="x">8750-1821</subfield><subfield code="w">(OCoLC)11080137</subfield></datafield><datafield ind1=" " ind2=" " tag="936"><subfield code="a">Apr. 17, 1985</subfield></datafield><datafield ind1="1" ind2=" " tag="029"><subfield code="a">AU@</subfield><subfield code="b">000025789085</subfield></datafield></record>